% Encoding: UTF-8

@Online{vers9,
  author       = {Anfängerpraktikum 2},
  title        = {Versuch 9: Kondensator und Spule im Wechselstromkreis},
  url          = {https://www.uni-frankfurt.de/49294979/Generic_49294979.pdf},
  language     = {Deutsch},
  organization = {Institut für Angewandte Physik der Goethe-Universität Frankfurt am Main},
  urldate      = {2021-02-19},
}

@Online{vers10,
  author       = {Anfängerpraktikum 2},
  title        = {Versuch 10: Messungen an kombinierten Wechselstromwiderständen (Resonanzkreise)},
  url          = {https://www.uni-frankfurt.de/49295111/Generic_49295111.pdf},
  language     = {Deutsch},
  organization = {Institut für Angewandte Physik der Goethe-Universität Frankfurt am Main},
  urldate      = {2021-02-19},
}

@Comment{jabref-meta: databaseType:biblatex;}
