% Encoding: UTF-8

@WWW{SpannStrom,
  author       = {Detlef Mietke},
  title        = {Korrekte Spannungs- und Strommessung},
  url          = {https://www.elektroniktutor.de/elektrophysik/ui_mess.html},
  language     = {Deutsch},
  organization = {Elektroniktutor},
  urldate      = {2020-11-01},
}

@Comment{jabref-meta: databaseType:biblatex;}
