% Encoding: UTF-8

@WWW{Farad,
  author       = {Wikipedia},
  date         = {2020-10-18},
  title        = {Faraday-Konstante},
  url          = {https://de.wikipedia.org/wiki/Faraday-Konstante},
  language     = {Deutsch},
  organization = {Wikimedia Foundation},
  urldate      = {2020-11-08},
}

@WWW{Avocado,
  author       = {Wikipedia},
  date         = {2020-07-31},
  title        = {Avogadro-Konstante},
  url          = {https://de.wikipedia.org/wiki/Avogadro-Konstante},
  language     = {Deutsch},
  organization = {Wikimedia Foundation},
  urldate      = {2020-11-08},
}

@WWW{anleitung,
  author       = {Institut für Angewandte Physik},
  title        = {Bestimmung der FARADAY-Konstante},
  url          = {https://www.uni-frankfurt.de/49295051/Generic_49295051.pdf},
  language     = {Deutsch},
  organization = {Goethe-Universität Frankfurt am Main},
  urldate      = {2020-11-21},
}

@Comment{jabref-meta: databaseType:biblatex;}
